@Book{Omer:2003,
	author	 = {B Omer},
	title	 = {Classical concepts in quantum programming},
	publisher = {Institute for Theoretical Physics Technical University Vienna},
	year	 = {2003},
	numpages	 = {11},
	language = {english}
	}
@article{Omer:1996,
	author	 = {B Omer},
	title	 = {Simulation of Quantum Computers},
	journal	 = {Department of Theoretical Physics Technical University of Vienna},
	year	 = {1996},
	pages	 = {24},
	language = {english}
	}
@article{Gawron:2010,
	author	 = {P. Gawron},
	title	 = {Extending scientific computing system with structural quantum programming capabilities},
	journal	 = {Bull. of the Polish Academy of Sci. Tech. sci.},
	year	 = {2010},
	volume   = {58},
	pages	 = {77--87},
	language = {english},
    }
@Book{Nilsen:2001ru,
	author 		= {Нильсен, М. and Чанг, И.},
	title 		= {Квантовые вычисления и квантовая информация},
	publisher 	= {Пер. с англ. --- М.: Мир},
	year 		= {2006},
	numpages 		= {824},
	language	= {russian}
	}
@Book{kokin:2004ru,
	author 		= {Кокин, А. ~A.},
	title 		= {Твёрдотельные квантовые компьютеры на ядерных спинах},
	publisher 	= {М.: Институт компьютерных исследований},
	year 		= {2004},
	numpages 		= {204},
	language	= {russian}
	}
@article{JaySau:2010,
	author	 = {Sau, J. ~D.  and Lutchyn, R. ~M. and Tewari, S. and el al},
	title	 = {A generic new platform for topological quantum computation using semiconductor heterostructures},
	journal	 = {Phys. Rev. Lett.},
	year	 = {2010},
	number	 = {104---040502},
	notes  = {040502},
	language = {english}
	}
@article{Sarma:2005,
	author	 = {S. Das, Sarma and Rogerio, de Sousa and Xuedong, Hu and el al},
	title	 = {Spin quantum computation in silicon nanostructures},
	journal	 = {Solid State Communications},
	year	 = {2005},
	number	 = {133},
	pages	 = {737},
	language = {english}
	}
@article{Vizzotto:2010,
	author	 = {Vizzotto, J. ~K},
	title	 = {Concurrent Quantum Programming in Haskell},
	journal	 = {Solid State Communications},
	year	 = {2010},
	number	 = {143},
	pages	 = {76},
	language = {english}
	}
@article{Lvovsky:2009,
	author	 = {Alexander, I. Lvovsky. and Barry, C. Sanders. and Wolfgang, Tittel.},
	title	 = {Optical quantum memory},
	journal	 = {NATURE},
	year	 = {2009},
	pages	 = {706--714},
	language = {english}
	}

@Book{Vontsovskiy:1983ru,
	author 		= {Вонсонский, С.~В and Кацнельсон, М.~И},
	title 		= {Квантовая физика твёрдого тела},
	publisher 	= {М.: Наука},
	year 		= {1983},
	numpages 		= {337},
	language	= {russian}
	}
@Book{Blum:1983ru,
	author 		= {Блум, К.},
	title 		= {Теория матрицы плотности и её приложения},
	publisher 	= {Пер. с англ. --- М.: Мир},
	year 		= {1983},
	numpages 		= {248},
	language	= {russian}
	}	
@article{Janusz:2005,
	author	 = {Janusz, Adamowski. and Stanislaw, Bednarek. and Bartlomiej, Szafran.},
	title	 = {Quantum Computing with Quantum Dots},
	journal	 = {Schedae Informaticae},
	year	 = {2005},
	volume   = {58},
	pages	 = {95--111},
	language = {english}
	}	
@Book{Menskiy:2001ru,
	author 		= {Мединский, М.~Б },
	title 		= {Квантовые измерения и декогеренция. Модели и феноменология},
	publisher 	= {Пер. с англ. --- М.: Физматлит},
	year 		= {2001},
	numpages 		= {232},
	language	= {russian}
	}		
	
	
	
	
	
	
	
	
	
	
	
	
	